<?xml version="1.0" encoding="UTF-8"?><collection xmlns="http://www.loc.gov/MARC21/slim"><record><leader>00395nam--2200133-i-4500</leader><controlfield tag="001">000037877</controlfield><controlfield tag="002">20161230</controlfield><controlfield tag="005">20161230201041</controlfield><controlfield tag="008">060222s1000------------r-----000-0-eng-d</controlfield><datafield ind1=" " ind2=" " tag="080"><subfield code="a">621.7.04</subfield></datafield><datafield ind1=" " ind2=" " tag="245"><subfield code="a">Rapidly quenched metals. second international conference section i</subfield></datafield><datafield ind1=" " ind2=" " tag="260"><subfield code="a">Cambridge, Massachusetts Inst.Of Technology, 1975, 543p</subfield></datafield><datafield ind1=" " ind2=" " tag="700"><subfield code="a">Grant, N.J.And Giessen, B.C</subfield></datafield><datafield ind1=" " ind2=" " tag="852"><subfield code="a">75022</subfield></datafield></record></collection>